@article{halmos1946theory,
  title={The theory of unbiased estimation},
  author={Halmos, Paul R},
  journal={The Annals of Mathematical Statistics},
  pages={34--43},
  year={1946},
  publisher={JSTOR}
}

@article{hoeffding1948,
    title = {A class of statistics with asymptotically normal distribution},
    author = {Hoeffding, Wassily},
    journal = {The Annals of Mathematic Statistics}, pages = {293--325},
    year = {1948}
}
% @incollection{hoeffding1992class,
%   title={A class of statistics with asymptotically normal distribution},
%   author={Hoeffding, Wassily},
%   booktitle={Breakthroughs in Statistics},
%   pages={308--334},
%   year={1948},
%   publisher={Springer}
% }

